@Book{lipschutz2009linear,
 author = {Lipschutz, Seymour},
 title = {Linear algebra},
 publisher = {McGraw-Hill},
 year = {2009},
 address = {New York},
 isbn = {978-0-07-154353-8}
 }

 @book{oppenheim1989discrete,
  title={Discrete-time Signal Processing},
  author={Oppenheim, A.V. and Schafer, R.W.},
  isbn={9780132162920},
  lccn={88025562},
  series={Prentice-Hall signal processing series},
  year={1989},
  publisher={Prentice Hall}
}

@inproceedings{fiala2016collaborative,
  title={Collaborative coding interfaces on the Web},
  author={Fiala, Jakub and Yee-King, Matthew and Grierson, Mick},
  booktitle={Proceedings of the 2016 International Conference on Live Interfaces},
  pages={49--58},
  year={2016}
}